<record><leader>00000cas a2200000 a 4500</leader><controlfield tag="001">14138945</controlfield><controlfield tag="008">860825u1967uuuunyumr ne      0   a0eng c</controlfield><datafield ind1=" " ind2=" " tag="010"><subfield code="a">sn2001062001</subfield></datafield><datafield ind1=" " ind2=" " tag="040"><subfield code="a">KFS</subfield><subfield code="b">eng</subfield><subfield code="c">KFS</subfield><subfield code="d">OCL</subfield><subfield code="d">NYS</subfield><subfield code="d">OCLCQ</subfield><subfield code="d">OCLCO</subfield></datafield><datafield ind1="1" ind2=" " tag="029"><subfield code="a">AU@</subfield><subfield code="b">000022589046</subfield></datafield><datafield ind1=" " ind2=" " tag="042"><subfield code="a">pcc</subfield></datafield><datafield ind1=" " ind2=" " tag="043"><subfield code="a">n-us-ny</subfield></datafield><datafield ind1="0" ind2=" " tag="130"><subfield code="a">Harlem news (New York, N.Y.)</subfield></datafield><datafield ind1="1" ind2="0" tag="245"><subfield code="a">Harlem news.</subfield></datafield><datafield ind1=" " ind2=" " tag="260"><subfield code="a">New York, N.Y. :</subfield><subfield code="b">Architect's Renewal Committee in Harlem,</subfield><subfield code="c">1967-</subfield></datafield><datafield ind1=" " ind2=" " tag="300"><subfield code="a">v. :</subfield><subfield code="b">ill. ;</subfield><subfield code="c">43 cm.</subfield></datafield><datafield ind1=" " ind2=" " tag="310"><subfield code="a">Monthly</subfield></datafield><datafield ind1="1" ind2=" " tag="362"><subfield code="a">Began in 1967.</subfield></datafield><datafield ind1=" " ind2=" " tag="500"><subfield code="a">Publisher: &lt;Oct. 1967-Dec. 1968&gt; J. Max Bond Jr.; &lt;May 1969&gt;-Feb. 1970 Arthur L. Symes.</subfield></datafield><datafield ind1=" " ind2=" " tag="500"><subfield code="a">Editor: &lt;May 1969-July 1971&gt; Jane Logan; &lt;Oct. 1971&gt;- Charles A. Spears.</subfield></datafield><datafield ind1=" " ind2="0" tag="650"><subfield code="a">African Americans</subfield><subfield code="z">New York (State)</subfield><subfield code="z">Harlem</subfield><subfield code="v">Newspapers.</subfield></datafield><datafield ind1=" " ind2="0" tag="650"><subfield code="a">Community organization</subfield><subfield code="z">New York (State)</subfield><subfield code="z">Harlem</subfield><subfield code="v">Newspapers.</subfield></datafield><datafield ind1=" " ind2="0" tag="650"><subfield code="a">Urban renewal</subfield><subfield code="z">New York (State)</subfield><subfield code="z">Harlem</subfield><subfield code="v">Newspapers.</subfield></datafield><datafield ind1=" " ind2="0" tag="651"><subfield code="a">Harlem (New York, N.Y.)</subfield><subfield code="v">Newspapers.</subfield></datafield><datafield ind1=" " ind2="0" tag="651"><subfield code="a">New York County (N.Y.)</subfield><subfield code="v">Newspapers.</subfield></datafield><datafield ind1="1" ind2=" " tag="700"><subfield code="a">Bond, J. Max.</subfield></datafield><datafield ind1="1" ind2=" " tag="700"><subfield code="a">Logan, Jane.</subfield></datafield><datafield ind1="1" ind2=" " tag="700"><subfield code="a">Spears, Charles A.</subfield></datafield><datafield ind1="1" ind2=" " tag="700"><subfield code="a">Symes, Arthur L.</subfield></datafield><datafield ind1="2" ind2=" " tag="710"><subfield code="a">Architects' Renewal Committee in Harlem (New York, N.Y.)</subfield></datafield></record>